@misc{datastax_2018,
    title={Snitches},
    url={https://docs.datastax.com/en/cassandra/2.1/cassandra/architecture/architectureSnitchesAbout_c.html},
    journal={docs.datastax.com},
    author={Datastax},
    year={2018}}